<record><leader>00000cas a22000007a 4500</leader><controlfield tag="001">12441877</controlfield><controlfield tag="008">850830d18631865inudn ne      0    0eng d</controlfield><datafield ind1=" " ind2=" " tag="010"><subfield code="a">sn 85048035 </subfield></datafield><datafield ind1=" " ind2=" " tag="040"><subfield code="a">NPI</subfield><subfield code="b">eng</subfield><subfield code="c">NPI</subfield><subfield code="d">NVF</subfield><subfield code="d">OCLCQ</subfield></datafield><datafield ind1=" " ind2=" " tag="042"><subfield code="a">msc</subfield></datafield><datafield ind1="0" ind2=" " tag="130"><subfield code="a">Madison daily courier (Madison, Ind. : 1863)</subfield></datafield><datafield ind1="1" ind2="0" tag="245"><subfield code="a">Madison daily courier.</subfield></datafield><datafield ind1=" " ind2=" " tag="260"><subfield code="a">Madison, Ind. :</subfield><subfield code="b">M.C. Garber,</subfield><subfield code="c">1863-1865.</subfield></datafield><datafield ind1=" " ind2=" " tag="300"><subfield code="a">v. :</subfield><subfield code="b">ill. (chiefly advertisements) ;</subfield><subfield code="c">60 cm.</subfield></datafield><datafield ind1=" " ind2=" " tag="310"><subfield code="a">Daily (expect Sunday)</subfield></datafield><datafield ind1="0" ind2=" " tag="362"><subfield code="a">Vol. 14, no. 262 (Mar. 3, 1863)-v. 16, no. 307 (Apr. 29, 1865).</subfield></datafield><datafield ind1=" " ind2=" " tag="500"><subfield code="a">"Republican." Cf. Miller, John W. Indiana newspaper bibliog.</subfield></datafield><datafield ind1=" " ind2=" " tag="752"><subfield code="a">United States</subfield><subfield code="b">Indiana</subfield><subfield code="c">Jefferson</subfield><subfield code="d">Madison.</subfield></datafield><datafield ind1="0" ind2=" " tag="775"><subfield code="t">Madison weekly courier (Madison, Ind. : 1863)</subfield><subfield code="w">(DLC)sn 85048043</subfield></datafield><datafield ind1="0" ind2="0" tag="780"><subfield code="t">Daily evening courier (Madison, Ind.)</subfield><subfield code="w">(DLC)sn 83025614</subfield></datafield><datafield ind1="0" ind2="0" tag="785"><subfield code="t">Madison daily evening courier</subfield><subfield code="w">(DLC)sn 82016328</subfield></datafield></record>